@inproceedings{kong:2010,
 author = {Kong, Soonho and Jung, Yungbum and David, Cristina and Wang, Bow-Yaw and Yi, Kwangkeun},
 title = {Automatically Inferring Quantified Loop Invariants by Algorithmic Learning from Simple Templates},
 booktitle = {Proceedings of the 8th Asian Conference on Programming Languages and Systems},
 series = {APLAS'10},
 year = {2010},
 isbn = {3-642-17163-X, 978-3-642-17163-5},
 location = {Shanghai, China},
 pages = {328--343},
 numpages = {16},
 url = {http://dl.acm.org/citation.cfm?id=1947873.1947904},
 acmid = {1947904},
 publisher = {Springer-Verlag},
 address = {Berlin, Heidelberg},
}

@inproceedings{gupta:2009,
 author = {Gupta, Ashutosh and Rybalchenko, Andrey},
 title = {InvGen: An Efficient Invariant Generator},
 booktitle = {Proceedings of the 21st International Conference on Computer Aided Verification},
 series = {CAV '09},
 year = {2009},
 isbn = {978-3-642-02657-7},
 location = {Grenoble, France},
 pages = {634--640},
 numpages = {7},
 url = {http://dx.doi.org/10.1007/978-3-642-02658-4_48},
 doi = {10.1007/978-3-642-02658-4_48},
 acmid = {1575112},
 publisher = {Springer-Verlag},
 address = {Berlin, Heidelberg},
} 


@inproceedings{kahsai:2011,
 author = {Kahsai, Temesghen and Ge, Yeting and Tinelli, Cesare},
 title = {Instantiation-based Invariant Discovery},
 booktitle = {Proceedings of the Third International Conference on NASA Formal Methods},
 series = {NFM'11},
 year = {2011},
 isbn = {978-3-642-20397-8},
 location = {Pasadena, CA},
 pages = {192--206},
 numpages = {15},
 url = {http://dl.acm.org/citation.cfm?id=1986308.1986326},
 acmid = {1986326},
 publisher = {Springer-Verlag},
 address = {Berlin, Heidelberg},
} 

@inproceedings{beyer:2007,
 author = {Beyer, Dirk and Henzinger, Thomas A. and Majumdar, Rupak and Rybalchenko, Andrey},
 title = {Path Invariants},
 booktitle = {Proceedings of the 28th ACM SIGPLAN Conference on Programming Language Design and Implementation},
 series = {PLDI '07},
 year = {2007},
 isbn = {978-1-59593-633-2},
 location = {San Diego, California, USA},
 pages = {300--309},
 numpages = {10},
 url = {http://doi.acm.org/10.1145/1250734.1250769},
 doi = {10.1145/1250734.1250769},
 acmid = {1250769},
 publisher = {ACM},
 address = {New York, NY, USA},
 keywords = {abstraction refinement, formal verification, invariant synthesis, predicate abstraction, software model checking},
} 

@inproceedings{srivastava:2009,
 author = {Srivastava, Saurabh and Gulwani, Sumit},
 title = {Program Verification Using Templates over Predicate Abstraction},
 booktitle = {Proceedings of the 30th ACM SIGPLAN Conference on Programming Language Design and Implementation},
 series = {PLDI '09},
 year = {2009},
 isbn = {978-1-60558-392-1},
 location = {Dublin, Ireland},
 pages = {223--234},
 numpages = {12},
 url = {http://doi.acm.org/10.1145/1542476.1542501},
 doi = {10.1145/1542476.1542501},
 acmid = {1542501},
 publisher = {ACM},
 address = {New York, NY, USA},
 keywords = {constraint-based fixed-point, iterative fixed-point, predicate abstraction, quantified invariants, smt solvers, template invariants, weakest preconditions},
}

@inproceedings{srivastava:2009-1,
 author = {Srivastava, Saurabh and Gulwani, Sumit and Foster, Jeffrey S.},
 title = {VS3: SMT Solvers for Program Verification},
 booktitle = {Proceedings of the 21st International Conference on Computer Aided Verification},
 series = {CAV '09},
 year = {2009},
 isbn = {978-3-642-02657-7},
 location = {Grenoble, France},
 pages = {702--708},
 numpages = {7},
 url = {http://dx.doi.org/10.1007/978-3-642-02658-4_58},
 doi = {10.1007/978-3-642-02658-4_58},
 acmid = {1575122},
 publisher = {Springer-Verlag},
 address = {Berlin, Heidelberg},
} 

@incollection{cousot:2010,
  TITLE = {{A gentle introduction to formal verification of computer systems by abstract interpretation}},
  AUTHOR = {Cousot, Patrick and Cousot, Radhia},
  URL = {https://hal.inria.fr/inria-00543886},
  BOOKTITLE = {{Logics and Languages for Reliability and Security}},
  EDITOR = {J.~Esparza and O.~Grumberg and M.~Broy},
  PUBLISHER = {{IOS Press}},
  SERIES = {NATO Science Series III: Computer and Systems Sciences},
  PAGES = {1-29},
  YEAR = {2010},
  KEYWORDS = {Abstract Interpretation},
  PDF = {https://hal.inria.fr/inria-00543886/file/CousotCousot-Marktoberdorf-2009.pdf},
  HAL_ID = {inria-00543886},
  HAL_VERSION = {v1},
}

@book{rossi:2006,
 author = {Rossi, Francesca and Beek, Peter van and Walsh, Toby},
 title = {Handbook of Constraint Programming (Foundations of Artificial Intelligence)},
 year = {2006},
 isbn = {0444527265},
 publisher = {Elsevier Science Inc.},
 address = {New York, NY, USA},
} 

@article{rocha:2015,
  author    = {Herbert Rocha and
               Hussama Ismail and
               Lucas C. Cordeiro and
               Raimundo S. Barreto},
  title     = {Model Checking Embedded {C} Software using k-Induction and Invariants
               (extended version)},
  journal   = {CoRR},
  volume    = {abs/1509.02471},
  year      = {2015},
  url       = {http://arxiv.org/abs/1509.02471},
  archivePrefix = {arXiv},
  eprint    = {1509.02471},
  timestamp = {Mon, 13 Aug 2018 16:47:39 +0200},
  biburl    = {https://dblp.org/rec/bib/journals/corr/RochaICB15a},
  bibsource = {dblp computer science bibliography, https://dblp.org}
}

@inproceedings{fouladgar:2011,
 author = {Fouladgar, Hani and Minaei-Bidgoli, Behrouz and Parvin, Hamid},
 title = {On Possibility of Conditional Invariant Detection},
 booktitle = {Proceedings of the 15th International Conference on Knowledge-based and Intelligent Information and Engineering Systems - Volume Part II},
 series = {KES'11},
 year = {2011},
 isbn = {978-3-642-23862-8},
 location = {Kaiserslautern, Germany},
 pages = {214--224},
 numpages = {11},
 url = {http://dl.acm.org/citation.cfm?id=2041341.2041366},
 acmid = {2041366},
 publisher = {Springer-Verlag},
 address = {Berlin, Heidelberg},
 keywords = {association rules, daikon, data mining, decision tree, invariant, predicate, program point, software engineering, variable relations, verification},
} 

@book{bradley:2007,
 author = {Bradley, Aaron R. and Manna, Zohar},
 title = {The Calculus of Computation: Decision Procedures with Applications to Verification},
 year = {2007},
 isbn = {3540741127},
 publisher = {Springer-Verlag},
 address = {Berlin, Heidelberg},
}

@INPROCEEDINGS{claessen:2008, 
author={K. Claessen and N. Een and M. Sheeran and N. Sorensson}, 
booktitle={2008 9th International Workshop on Discrete Event Systems}, 
title={SAT-solving in practice}, 
year={2008}, 
volume={}, 
number={}, 
pages={61-67}, 
keywords={computability;computational complexity;SAT solving;satisfiability solving;propositional formula;computer science;NP-complete problem;Discrete event systems;Conferences}, 
doi={10.1109/WODES.2008.4605923}, 
ISSN={}, 
month={May},}

@article{ernst:2007,
 author = {Ernst, Michael D. and Perkins, Jeff H. and Guo, Philip J. and McCamant, Stephen and Pacheco, Carlos and Tschantz, Matthew S. and Xiao, Chen},
 title = {The Daikon System for Dynamic Detection of Likely Invariants},
 journal = {Sci. Comput. Program.},
 issue_date = {December, 2007},
 volume = {69},
 number = {1-3},
 month = dec,
 year = {2007},
 issn = {0167-6423},
 pages = {35--45},
 numpages = {11},
 url = {http://dx.doi.org/10.1016/j.scico.2007.01.015},
 doi = {10.1016/j.scico.2007.01.015},
 acmid = {1321800},
 publisher = {Elsevier North-Holland, Inc.},
 address = {Amsterdam, The Netherlands, The Netherlands},
 keywords = {Daikon, Dynamic analysis, Dynamic invariant detection, Inductive logic programming, Inference, Invariant, Likely invariant, Program understanding, Specification, Specification mining},
}

@inproceedings{nguyen:2014,
 author = {Nguyen, ThanhVu and Kapur, Deepak and Weimer, Westley and Forrest, Stephanie},
 title = {Using Dynamic Analysis to Generate Disjunctive Invariants},
 booktitle = {Proceedings of the 36th International Conference on Software Engineering},
 series = {ICSE 2014},
 year = {2014},
 isbn = {978-1-4503-2756-5},
 location = {Hyderabad, India},
 pages = {608--619},
 numpages = {12},
 url = {http://doi.acm.org/10.1145/2568225.2568275},
 doi = {10.1145/2568225.2568275},
 acmid = {2568275},
 publisher = {ACM},
 address = {New York, NY, USA},
 keywords = {Program analysis, disjunctive invariants, invariant generation, static and dynamic analyses, theorem proving},
}

@inproceedings{moura:2008,
 author = {De Moura, Leonardo and Bj{\o}rner, Nikolaj},
 title = {Z3: An Efficient SMT Solver},
 booktitle = {Proceedings of the Theory and Practice of Software, 14th International Conference on Tools and Algorithms for the Construction and Analysis of Systems},
 series = {TACAS'08/ETAPS'08},
 year = {2008},
 isbn = {3-540-78799-2, 978-3-540-78799-0},
 location = {Budapest, Hungary},
 pages = {337--340},
 numpages = {4},
 url = {http://dl.acm.org/citation.cfm?id=1792734.1792766},
 acmid = {1792766},
 publisher = {Springer-Verlag},
 address = {Berlin, Heidelberg},
}

@Misc{moller:2018,
  author =       {Anders M\o{}ller and Michael I. Schwartzbach},
  title =        {Static Program Analysis},
  year =         {2018},
  month =        {October},
  note =         {Department of Computer Science, Aarhus University,
                  \texttt{http://cs.au.dk/\~{}amoeller/spa/}},
}

@article{king:1976,
 author = {King, James C.},
 title = {Symbolic Execution and Program Testing},
 journal = {Commun. ACM},
 issue_date = {July 1976},
 volume = {19},
 number = {7},
 month = jul,
 year = {1976},
 issn = {0001-0782},
 pages = {385--394},
 numpages = {10},
 url = {http://doi.acm.org/10.1145/360248.360252},
 doi = {10.1145/360248.360252},
 acmid = {360252},
 publisher = {ACM},
 address = {New York, NY, USA},
 keywords = {program debugging, program proving, program testing, program verification, symbolic execution, symbolic interpretation},
} 

@article{mine:2006,
 author = {Min{\'e}, Antoine},
 title = {The Octagon Abstract Domain},
 journal = {Higher Order Symbol. Comput.},
 issue_date = {March     2006},
 volume = {19},
 number = {1},
 month = mar,
 year = {2006},
 issn = {1388-3690},
 pages = {31--100},
 numpages = {70},
 url = {http://dx.doi.org/10.1007/s10990-006-8609-1},
 doi = {10.1007/s10990-006-8609-1},
 acmid = {1145526},
 publisher = {Kluwer Academic Publishers},
 address = {Hingham, MA, USA},
 keywords = {Abstract interpretation, Numerical abstract domains, Relational numerical invariants, Static analysis},
} 

@inproceedings{gupta:2009.1,
 author = {Gupta, Ashutosh and Majumdar, Rupak and Rybalchenko, Andrey},
 title = {From Tests to Proofs},
 booktitle = {Proceedings of the 15th International Conference on Tools and Algorithms for the Construction and Analysis of Systems: Held As Part of the Joint European Conferences on Theory and Practice of Software, ETAPS 2009,},
 series = {TACAS '09},
 year = {2009},
 isbn = {978-3-642-00767-5},
 location = {York, UK},
 pages = {262--276},
 numpages = {15},
 url = {http://dx.doi.org/10.1007/978-3-642-00768-2_24},
 doi = {10.1007/978-3-642-00768-2_24},
 acmid = {1532923},
 publisher = {Springer-Verlag},
 address = {Berlin, Heidelberg},
} 

@misc{llvm, 
title={LLVM},
url={https://llvm.org/},
journal={LLVM}, 
publisher={LLVM}, 
author={LLVM},
year={2018},
month={Nov}
}

@misc{crab, 
title={Crab},
url={https://github.com/seahorn/crab},
journal={CoRnucopia of ABstractions: a language-agnostic library for abstract interpretation}, 
publisher={Github}, 
author={Seahorn},
year={2018},
month={Nov}
}

@misc{crab-llvm, 
title={Crab-LLVM},
url={https://github.com/seahorn/crab-llvm},
journal={Abstract Interpretation of LLVM bitcode}, 
publisher={Github}, 
author={Seahorn},
year={2018},
month={Nov}
}

@inproceedings{klein,
 author = {Cadar, Cristian and Dunbar, Daniel and Engler, Dawson},
 title = {KLEE: Unassisted and Automatic Generation of High-coverage Tests for Complex Systems Programs},
 booktitle = {Proceedings of the 8th USENIX Conference on Operating Systems Design and Implementation},
 series = {OSDI'08},
 year = {2008},
 location = {San Diego, California},
 pages = {209--224},
 numpages = {16},
 url = {http://dl.acm.org/citation.cfm?id=1855741.1855756},
 acmid = {1855756},
 publisher = {USENIX Association},
 address = {Berkeley, CA, USA},
} 

@INPROCEEDINGS{wong:2010, 
author={W. E. Wong and V. Debroy and A. Surampudi and H. Kim and M. F. Siok}, 
booktitle={2010 Fourth International Conference on Secure Software Integration and Reliability Improvement}, 
title={Recent Catastrophic Accidents: Investigating How Software was Responsible}, 
year={2010}, 
volume={}, 
number={}, 
pages={14-22}, 
keywords={safety-critical software;recent catastrophic accidents;safety-critical software;causative factor;accident avoidance;Accidents;Software safety;Hazards;Transportation;Software systems;Oncology;Biomedical applications of radiation;Cancer;Medical treatment;Computer science;Software safety;catastrophic accidents;mishaps;safety-critical software systems}, 
doi={10.1109/SSIRI.2010.38}, 
ISSN={}, 
month={June},}

@inproceedings{hoder:2010,
 author = {Hoder, Kry\v{s}tof and Kov\'{a}cs, Laura and Voronkov, Andrei},
 title = {Interpolation and Symbol Elimination in Vampire},
 booktitle = {Proceedings of the 5th International Conference on Automated Reasoning},
 series = {IJCAR'10},
 year = {2010},
 isbn = {3-642-14202-8, 978-3-642-14202-4},
 location = {Edinburgh, UK},
 pages = {188--195},
 numpages = {8},
 url = {http://dx.doi.org/10.1007/978-3-642-14203-1_16},
 doi = {10.1007/978-3-642-14203-1_16},
 acmid = {2176691},
 publisher = {Springer-Verlag},
 address = {Berlin, Heidelberg},
} 

@inproceedings{hoder:2011,
title = "Case studies on invariant generation using a saturation theorem prover",
abstract = "Automatic understanding of the intended meaning of computer programs is a very hard problem, requiring intelligence and reasoning. In this paper we evaluate a program analysis method, called symbol elimination, that uses first-order theorem proving techniques to automatically discover non-trivial program properties. We discuss implementation details of the method, present experimental results, and discuss the relation of the program properties obtained by our implementation and the intended meaning of the programs used in the experiments. {\circledC} 2011 Springer-Verlag.",
author = "Kryštof Hoder and Laura Kov{\'a}cs and Andrei Voronkov",
year = "2011",
doi = "10.1007/978-3-642-25324-9_1",
language = "English",
isbn = "9783642253232",
volume = "7094",
pages = "1--15",
booktitle = "Lecture Notes in Computer Science (including subseries Lecture Notes in Artificial Intelligence and Lecture Notes in Bioinformatics)|Lect. Notes Comput. Sci.",
}

@book{baier:2008,
 author = {Baier, Christel and Katoen, Joost-Pieter},
 title = {Principles of Model Checking (Representation and Mind Series)},
 year = {2008},
 isbn = {026202649X, 9780262026499},
 publisher = {The MIT Press},
} 

@inproceedings{beyer:2013,
 author = {Beyer, Dirk},
 title = {Second Competition on Software Verification},
 booktitle = {Proceedings of the 19th International Conference on Tools and Algorithms for the Construction and Analysis of Systems},
 series = {TACAS'13},
 year = {2013},
 isbn = {978-3-642-36741-0},
 location = {Rome, Italy},
 pages = {594--609},
 numpages = {16},
 url = {http://dx.doi.org/10.1007/978-3-642-36742-7_43},
 doi = {10.1007/978-3-642-36742-7_43},
 acmid = {2450450},
 publisher = {Springer-Verlag},
 address = {Berlin, Heidelberg},
} 

@inproceedings{cordeiro:2009,
 author = {Cordeiro, Lucas and Fischer, Bernd and Marques-Silva, Joao},
 title = {SMT-Based Bounded Model Checking for Embedded ANSI-C Software},
 booktitle = {Proceedings of the 2009 IEEE/ACM International Conference on Automated Software Engineering},
 series = {ASE '09},
 year = {2009},
 isbn = {978-0-7695-3891-4},
 pages = {137--148},
 numpages = {12},
 url = {https://doi.org/10.1109/ASE.2009.63},
 doi = {10.1109/ASE.2009.63},
 acmid = {1747515},
 publisher = {IEEE Computer Society},
 address = {Washington, DC, USA},
 keywords = {Bounded Model Checking, Satisfiability Modulo Theories, Embedded ANSI-C Software},
} 

@book{grumberg:2008,
 editor = {Grumberg, Orna and Veith, Helmut},
 title = {25 Years of Model Checking: History, Achievements, Perspectives},
 year = {2008},
 isbn = {978-3-540-69849-4},
 publisher = {Springer-Verlag},
 address = {Berlin, Heidelberg},
} 

@article{bensalem:1999,
 author = {Bensalem, Saddek and Lakhnech, Yassine},
 title = {Automatic Generation of Invariants},
 journal = {Form. Methods Syst. Des.},
 issue_date = {July 1999},
 volume = {15},
 number = {1},
 month = jul,
 year = {1999},
 issn = {0925-9856},
 pages = {75--92},
 numpages = {18},
 url = {https://doi.org/10.1023/A:1008744030390},
 doi = {10.1023/A:1008744030390},
 acmid = {325892},
 publisher = {Kluwer Academic Publishers},
 address = {Hingham, MA, USA},
 keywords = {auxiliary predicates, generation of invariants, invariance properties},
} 

@article{nagarakatte:2010,
 author = {Nagarakatte, Santosh and Zhao, Jianzhou and Martin, Milo M.K. and Zdancewic, Steve},
 title = {CETS: Compiler Enforced Temporal Safety for C},
 journal = {SIGPLAN Not.},
 issue_date = {August 2010},
 volume = {45},
 number = {8},
 month = jun,
 year = {2010},
 issn = {0362-1340},
 pages = {31--40},
 numpages = {10},
 url = {http://doi.acm.org/10.1145/1837855.1806657},
 doi = {10.1145/1837855.1806657},
 acmid = {1806657},
 publisher = {ACM},
 address = {New York, NY, USA},
 keywords = {c, dangling pointers, memory safety, temporal errors},
}

@inbook{merz:2012,
 author = {Merz, Florian and Falke, Stephan and Sinz, Carsten},
 booktitle = {Verified Software: Theories, Tools, Experiments},
 doi = {10.1007/978-3-642-27705-4_12},
 keywords = {Computer Software and Computation Theory and Mathematics},
 note = {Exported from https://app.dimensions.ai on 2018/11/30},
 pages = {146-161},
 publisher = {},
 title = {LLBMC: Bounded Model Checking of C and C++ Programs Using a Compiler IR},
 url = {https://app.dimensions.ai/details/publication/pub.1006497645 and http://baldur.iti.kit.edu/~falke/papers/VSTTE12b.pdf},
 year = {2012}
}

@ARTICLE{sherer:1991, 
author={S. A. Sherer}, 
journal={IEEE Software}, 
title={A cost-effective approach to testing}, 
year={1991}, 
volume={8}, 
number={2}, 
pages={34-40}, 
keywords={program testing;system recovery;systems analysis;differential risk;external-risk assessment;module exposure;module-failure likelihood;external-failure modes;economic consequences;reverse-engineering;specifications;reliability model;cost-effective development;failure-risk estimates;testing effort;Environmental economics;System testing;Software testing;Risk management;Cost function;Risk analysis}, 
doi={10.1109/52.73747}, 
ISSN={0740-7459}, 
month={March},}

@unknown{rocha:2010,
author = {Rocha, Herbert and Cordeiro, Lucas and Barreto, Raimundo and Magalhaes Netto, Jose},
year = {2010},
month = {11},
pages = {},
title = {Exploiting Safety Properties in Bounded Model Checking for Test Cases Generation of C Programs}
}

@inproceedings{moy:2007,
  title={Checking Memory Safety with Abstract Interpretation and Deductive Verification ⋆},
  author={Yannick Moy and Claude March{\'e}},
  year={2007}
}